@article{reference1,
  author  = {Author, A. and Author, B. and Author, C.},
  title   = {Title of the article},
  journal = {Journal Name},
  volume  = {10},
  number  = {2},
  pages   = {100--120},
  year    = {2023},
  doi     = {10.1234/journal.2023.10.2.100}
}

@article{reference2,
  author  = {Author, D. and Author, E.},
  title   = {Another article title},
  journal = {Another Journal},
  volume  = {15},
  number  = {3},
  pages   = {200--215},
  year    = {2022},
  doi     = {10.1234/journal.2022.15.3.200}
}

@book{reference3,
  author    = {Author, F. and Author, G.},
  title     = {Book Title},
  publisher = {Publisher Name},
  address   = {City, State},
  year      = {2021},
  doi       = {10.1234/books.2021.0001}
}

@inproceedings{reference4,
  author    = {Author, H. and Author, I.},
  title     = {Conference paper title},
  booktitle = {Proceedings of the Conference Name},
  pages     = {300--310},
  year      = {2023},
  address   = {City, Country},
  doi       = {10.1234/conf.2023.300}
}

@techreport{reference5,
  author      = {Author, J. and Author, K.},
  title       = {Technical report title},
  institution = {Institution Name},
  number      = {TR-2023-001},
  year        = {2023},
  address     = {City, State}
}